<record><leader>00000cas a22000007a 4500</leader><controlfield tag="001">16809902</controlfield><controlfield tag="008">871005u18uuuuuutxuwr ne      0    0eng d</controlfield><datafield ind1=" " ind2=" " tag="010"><subfield code="a">sn 87090909 </subfield></datafield><datafield ind1=" " ind2=" " tag="040"><subfield code="a">PPM</subfield><subfield code="b">eng</subfield><subfield code="c">PPM</subfield><subfield code="d">OCLCQ</subfield></datafield><datafield ind1=" " ind2=" " tag="042"><subfield code="a">msc</subfield></datafield><datafield ind1="0" ind2="4" tag="245"><subfield code="a">The Texas weekly countryman.</subfield></datafield><datafield ind1="3" ind2="0" tag="246"><subfield code="a">Countryman</subfield></datafield><datafield ind1=" " ind2=" " tag="260"><subfield code="a">Bellville, Tex. :</subfield><subfield code="b">J.P. Osterbout</subfield></datafield><datafield ind1=" " ind2=" " tag="310"><subfield code="a">Weekly</subfield></datafield><datafield ind1=" " ind2=" " tag="588"><subfield code="a">Description based on: Vol. 6, no. 2 (Oct. 5, 1865).</subfield></datafield><datafield ind1=" " ind2=" " tag="752"><subfield code="a">United States</subfield><subfield code="b">Texas</subfield><subfield code="c">Austin</subfield><subfield code="d">Bellville.</subfield></datafield><datafield ind1="1" ind2=" " tag="029"><subfield code="a">AU@</subfield><subfield code="b">000025831487</subfield></datafield></record>